% Encoding: UTF-8

@Online{CemDilmegani2023,
  author    = {Cem Dilmegani},
  title     = {Top 7 RPA Use Cases in Customer Service in 2023},
  date      = {2023-05-08},
  url       = {https://research.aimultiple.com/rpa-customer-service/},
  urldate   = {2023-09-26},
}

@book{blueprism2023,
author = {blueprism},
publisher = {blueprism},
title = {Intelligent Automation Trends and Predictions},
addendum = {Kindle editie},
year = {2023}
}

@Online{Panikkar2022,
  author    = {Rohit Panikkar and Leon Xiao and Anand Sahu and Rohit Sood},
  title     = {Your questions about automation, answered},
  date      = {2022-07-08},
  url       = {https://www.mckinsey.com/capabilities/operations/our-insights/your-questions-about-automation-answered},
  urldate   = {2023-09-27},
}


@Comment{jabref-meta: databaseType:biblatex;}
